<?xml version="1.0" encoding="UTF-8"?>
<collection xmlns:xsi="http://www.w3.org/2001/XMLSchema-instance" xsi:schemaLocation="http://www.loc.gov/MARC21/slim http://www.loc.gov/standards/marcxml/schema/MARC21slim.xsd" xmlns="http://www.loc.gov/MARC21/slim">
<record>
  <leader>00775cam a2200229 i 4500</leader>
  <controlfield tag="001">212229</controlfield>
  <controlfield tag="003">NNC</controlfield>
  <controlfield tag="005">20140317143935.0</controlfield>
  <controlfield tag="008">840321q1949    le       b    000 0baraod</controlfield>
  <datafield tag="035" ind1=" " ind2=" ">
    <subfield code="a">(OCoLC)19594486</subfield>
  </datafield>
  <datafield tag="035" ind1=" " ind2=" ">
    <subfield code="a">(OCoLC)ocm19594486</subfield>
  </datafield>
  <datafield tag="035" ind1=" " ind2=" ">
    <subfield code="a">(CStRLIN)NYCG84-B17757</subfield>
  </datafield>
  <datafield tag="035" ind1=" " ind2=" ">
    <subfield code="9">AAY4155CU</subfield>
  </datafield>
  <datafield tag="035" ind1=" " ind2=" ">
    <subfield code="a">(NNC)212229</subfield>
  </datafield>
  <datafield tag="040" ind1=" " ind2=" ">
    <subfield code="a">MiU</subfield>
    <subfield code="c">MiU</subfield>
    <subfield code="d">NNC</subfield>
  </datafield>
  <datafield tag="090" ind1=" " ind2=" ">
    <subfield code="a">PJ7840.U26</subfield>
    <subfield code="b">J3 1900z</subfield>
  </datafield>
  <datafield tag="100" ind1="1" ind2=" ">
    <subfield code="a">Jubūrī, ʻAbd Allāh.</subfield>
  </datafield>
  <datafield tag="245" ind1="1" ind2="3">
    <subfield code="a">al-Jawāhirī wa-naqd jawharatihi :</subfield>
    <subfield code="b">naẓarāt fī shiʻrihi wa-ḥayātih, dirāsah wa-nuṣūṣ /</subfield>
    <subfield code="c">ʻAbd Allāh al-Jubūrī.</subfield>
  </datafield>
  <datafield tag="260" ind1=" " ind2=" ">
    <subfield code="a">Bayrūt :</subfield>
    <subfield code="b">ʻĀlam al-Kutub,</subfield>
    <subfield code="c">1949</subfield>
  </datafield>
  <datafield tag="300" ind1=" " ind2=" ">
    <subfield code="a">213 p. ;</subfield>
    <subfield code="c">23 cm.</subfield>
  </datafield>
  <datafield tag="504" ind1=" " ind2=" ">
    <subfield code="a">Includes bibliographical references.</subfield>
  </datafield>
  <datafield tag="600" ind1="1" ind2="0">
    <subfield code="a">Jawāhirī, Muḥammad Mahdī,</subfield>
    <subfield code="d">1899?-1997.</subfield>
  </datafield>
  <datafield tag="955" ind1=" " ind2=" ">
    <subfield code="b">1000092851</subfield>
    <subfield code="d">off,glx</subfield>
    <subfield code="e">PJ7840.U26 J3 1900z</subfield>
  </datafield>
</record>
</collection>